@article{dodier2006building,
  title={Building occupancy detection through sensor belief networks},
  author={Dodier, Robert H and Henze, Gregor P and Tiller, Dale K and Guo, Xin},
  journal={Energy and buildings},
  volume={38},
  number={9},
  pages={1033--1043},
  year={2006},
  publisher={Elsevier}
}

@article{cali2015co2,
  title={CO2 based occupancy detection algorithm: Experimental analysis and validation for office and residential buildings},
  author={Cal{\`\i}, Davide and Matthes, Peter and Huchtemann, Kristian and Streblow, Rita and M{\"u}ller, Dirk},
  journal={Building and Environment},
  volume={86},
  pages={39--49},
  year={2015},
  publisher={Elsevier}
}

@inproceedings{ansanay2013estimating,
  title={Estimating occupancy using indoor carbon dioxide concentrations only in an office building: a method and qualitative assessment},
  author={Ansanay-Alex, Guillaume},
  booktitle={REHVA World Congress on Energy efficient, smart and healthy buildings (CLIMA)},
  pages={1--8},
  year={2013}
}

@inproceedings{kim2017improved,
  title={Improved occupancy detection accuracy using PIR and door sensors for a smart thermostat},
  author={Kim, Sun Ho and Moon, Hyeun Jun and Yoon, Young Ran},
  booktitle={Proceedings of the 15th IBPSA Conference, San Francisco, CA, USA},
  pages={2753--2758},
  year={2017}
}

@article{teixeira2010survey,
  title={A survey of human-sensing: Methods for detecting presence, count, location, track, and identity},
  author={Teixeira, Thiago and Dublon, Gershon and Savvides, Andreas},
  journal={ACM Computing Surveys},
  volume={5},
  number={1},
  pages={59--69},
  year={2010}
}


@inproceedings{sarkar2008integrated,
  title={Integrated daylight harvesting and occupancy detection using digital imaging},
  author={Sarkar, Abhijit and Fairchild, Mark and Salvaggio, Carl},
  booktitle={Sensors, Cameras, and Systems for Industrial/Scientific Applications IX},
  volume={6816},
  pages={68160F},
  year={2008},
  organization={International Society for Optics and Photonics}
}


@article{mikkilineni2019novel,
  title={A novel occupancy detection solution using low-power IR-FPA based wireless occupancy sensor},
  author={Mikkilineni, Aravind K and Dong, Jin and Kuruganti, Teja and Fugate, David},
  journal={Energy and Buildings},
  volume={192},
  pages={63--74},
  year={2019},
  publisher={Elsevier}
}

@inproceedings{ekwevugbe2012design,
  title={A design model for building occupancy detection using sensor fusion},
  author={Ekwevugbe, Tobore and Brown, Neil and Fan, Denis},
  booktitle={2012 6th IEEE International Conference on Digital Ecosystems and Technologies (DEST)},
  pages={1--6},
  year={2012},
  organization={IEEE}
}
@article{shih2014robust,
  title={A robust occupancy detection and tracking algorithm for the automatic monitoring and commissioning of a building},
  author={Shih, Huang-Chia},
  journal={Energy and Buildings},
  volume={77},
  pages={270--280},
  year={2014},
  publisher={Elsevier}
}
@article{labeodan2016experimental,
  title={Experimental evaluation of the performance of chair sensors in an office space for occupancy detection and occupancy-driven control},
  author={Labeodan, Timilehin and Aduda, Kennedy and Zeiler, Wim and Hoving, Frank},
  journal={Energy and Buildings},
  volume={111},
  pages={195--206},
  year={2016},
  publisher={Elsevier}
}

@inproceedings{manzoor2012occupancy,
  title={Occupancy monitoring using passive RFID technology for efficient building lighting control},
  author={Manzoor, Farhan and Linton, David and Loughlin, Michael},
  booktitle={2012 Fourth International EURASIP Workshop on RFID Technology},
  pages={83--88},
  year={2012},
  organization={IEEE}
}

@inproceedings{premebida2009exploiting,
  title={Exploiting lidar-based features on pedestrian detection in urban scenarios},
  author={Premebida, Cristiano and Ludwig, Oswaldo and Nunes, Urbano},
  booktitle={2009 12th International IEEE Conference on Intelligent Transportation Systems},
  pages={1--6},
  year={2009},
  organization={IEEE}
}
@inproceedings{arras2007using,
  title={Using boosted features for the detection of people in 2d range data},
  author={Arras, Kai O and Mozos, Oscar Martinez and Burgard, Wolfram},
  booktitle={Proceedings 2007 IEEE international conference on robotics and automation},
  pages={3402--3407},
  year={2007},
  organization={IEEE}
}
@inproceedings{geisheimer2002high,
  title={High-resolution Doppler model of the human gait},
  author={Geisheimer, Jonathan L and Greneker III, Eugene F and Marshall, William S},
  booktitle={Radar Sensor Technology and Data Visualization},
  volume={4744},
  pages={8--18},
  year={2002},
  organization={International Society for Optics and Photonics}
}

@inproceedings{gurbuz2007detection,
  title={Detection and identification of human targets in radar data},
  author={G{\"u}rb{\"u}z, Sevgi Z and Melvin, William L and Williams, Douglas B},
  booktitle={Signal Processing, Sensor Fusion, and Target Recognition XVI},
  volume={6567},
  pages={65670I},
  year={2007},
  organization={International Society for Optics and Photonics}
}

@inproceedings{falconer2000robot,
  title={Robot-mounted through-wall radar for detecting, locating, and identifying building occupants},
  author={Falconer, David G and Ficklin, Robert W and Konolige, Kurt G},
  booktitle={Proceedings 2000 ICRA. Millennium Conference. IEEE International Conference on Robotics and Automation. Symposia Proceedings (Cat. No. 00CH37065)},
  volume={2},
  pages={1868--1875},
  year={2000},
  organization={IEEE}
}
@inproceedings{zhou2006detection,
  title={Detection of multiple heartbeats using Doppler radar},
  author={Zhou, Qin and Liu, Jianhan and Host-Madsen, Anders and Boric-Lubecke, Olga and Lubecke, Victor},
  booktitle={2006 IEEE International Conference on Acoustics Speech and Signal Processing Proceedings},
  volume={2},
  pages={II--II},
  year={2006},
  organization={IEEE}
}

@misc{Radar, title={Radar}, url={https://en.wikipedia.org/wiki/Radar}, journal={Wikipedia}, publisher={Wikimedia Foundation}, year={2021}, month={Apr}}

@misc{rao_2017, title={Introduction to mmWave radar sensing: FMCW radars}, url={https://training.ti.com/node/1139153}, journal={TI Training}, publisher={Texas Instruments}, author={Rao, Sandeep}, year={2017}, month={Apr}}

@article{li2006experiment,
  title={Experiment and spectral analysis of a low-power $ Ka $-band heartbeat detector measuring from four sides of a human body},
  author={Li, Changzhi and Xiao, Yanming and Lin, Jenshan},
  journal={IEEE Transactions on Microwave Theory and Techniques},
  volume={54},
  number={12},
  pages={4464--4471},
  year={2006},
  publisher={IEEE}
}

@article{arai2000life,
  title={Life-detection radar for rescue purpose},
  author={Arai, Ikuo},
  journal={IEICE Technical Report},
  number={SANE99-100},
  year={2000}
}
@misc{tutorialspoint, title={Radar Systems - FMCW Radar}, url={https://www.tutorialspoint.com/radar_systems/radar_systems_fmcw_radar.htm}, journal={Tutorialspoint}}

@misc{FT, title={Fourier transform}, url={https://en.wikipedia.org/wiki/Fourier_transform}, journal={Wikipedia}, publisher={Wikimedia Foundation}, year={2021}, month={Mar}}

@article{nilsson2020machine,
  title={Machine Learning for FMCW Radar Interference Mitigation},
  author={Nilsson, Jessica and Hassbring, Ludvig},
  year={2020}
}